@Misc{XML2022,
	title = {{Extensible Markup Language}},
	howpublished   = {\url{https://de.wikipedia.org/wiki/Extensible_Markup_Language}},
	note = {Zugriff am 16.03.2022},
	year = {Wikipedia, 2022}	
}
,
@Misc{PHP2022,
	title = {PHP},
	howpublished   = {\url{{https://de.wikipedia.org/wiki/PHP}},
	note = {Zugriff am 16.03.2022},
	year = {Wikipedia, 2022}}
},
@Misc{Verteilter-Cache2021,
	title = {{Verteilter Cache}},
	howpublished   = {\url{https://de.wikipedia.org/wiki/Verteilter_Cache}},
	note = {Zugriff am 10.03.2022},
	year = {Wikipedia, 2021}
},
@Misc{HTML2022,
	title = {HTML},
	howpublished   = {\url{https://de.wikipedia.org/wiki/Hypertext_Markup_Language}},
	note = {Zugriff am 09.03.2022},
	year = {Wikipedia, 2022}
}
,
@Misc{Containervirtualisierung2021,
	title = {Containervirtualisierung},
	howpublished   = {\url{https://de.wikipedia.org/wiki/Containervirtualisierung}},
	note = {Zugriff am 15.03.2022},
	year = {Wikipedia, 2021}
}
,
@Misc{CorporateDesign2021,
	title = {{Corporate Design}},
	howpublished   = {\url{https://de.wikipedia.org/wiki/Corporate_Design}},
	note = {Zugriff am 06.03.2022},
	year = {Wikipedia, 2021}
},
@Misc{Kubernetes2022,
title = {Kubernetes},
howpublished   = {\url{https://de.wikipedia.org/wiki/Kubernetes}},
note = {Zugriff am 04.03.2022},
year = {Wikipedia, 2022}
}
,
@Misc{GitLab2022,
	title = {GitLab},
	howpublished   = {\url{https://en.wikipedia.org/wiki/GitLab}},
	note = {Zugriff am 07.03.2022},
	year = {Wikipedia, 2022}
}
,
@Misc{Git2022,
	title = {Git},
	howpublished   = {\url{https://de.wikipedia.org/wiki/Git}},
	note = {Zugriff am 07.03.2022},
	year = {Wikipedia, 2022}
}
,
@Misc{NET2022,
	title ={ {.NET}},
	howpublished   = {\url{https://de.wikipedia.org/wiki/.NET}},
	note = {Zugriff am 07.03.2022},
	year = {Wikipedia, 2022}
}
,
@Misc{Vuetify2022,
	title = {{Vuetify}},
	howpublished   = {\url{https://github.com/vuetifyjs/vuetify}},
	note = {Zugriff am 07.03.2022},
	year = {2022}
},
,
@Misc{Vue2022,
	title = {{Vue.js}},
	howpublished   = {\url{https://vuejs.org/}},
	note = {Zugriff am 10.03.2022},
	year = {2022}
},
@Misc{JSON-PATCH,
title = {{JSON-PATCH}},
howpublished   = {\url{http://jsonpatch.com/}},
note = {Zugriff am 10.03.2022},
year = {2022}
},
@Misc{Spiralmodell19,
title = {{Spiralmodell: Das Modell f√ºr Risikomanagement in der Softwareentwicklung}},
howpublished   = {\url{https://www.ionos.de/startupguide/produktivitaet/spiralmodell/}},
note = {Zugriff am 16.03.2022},
year = {2019}
}
,
@Misc{GitlabKubernetes2021,
	title = {{Using a GitLab CI/CD workflow for Kubernetes}},
	howpublished   = {\url{https://docs.gitlab.com/ee/user/clusters/agent/ci_cd_workflow.html}},
	note = {Zugriff am 16.03.2022},
	year = {2021}
},
@Misc{Prototyping2022,
title = {{Software Prototyping}},
howpublished   = {\url{https://en.wikipedia.org/wiki/Software_prototyping}},
note = {Zugriff am 11.03.2022},
year = {2022}
},
@Misc{ReactivityinDepth2022,
title = {{Reactivity in Depth}},
howpublished   = {\url{https://vuejs.org/guide/extras/reactivity-in-depth.html}},
note = {Zugriff am 11.03.2022},
year = {2022}
},
@Misc{DDD2022,
title = {{Design a DDD-oriented microservice}},
howpublished   = {\url{https://docs.microsoft.com/en-us/dotnet/architecture/microservices/microservice-ddd-cqrs-patterns/ddd-oriented-microservice}},
note = {Zugriff am 14.03.2022},
year = {2022}
}
,
@Misc{Pinia2022,
	title = {{What is Pinia?}},
	howpublished   = {\url{https://pinia.vuejs.org/introduction.html}},
	note = {Zugriff am 14.03.2022},
	year = {2022}
}
,
@Misc{Zend,
	title = {{Zend-Framework}},
	howpublished   = {\url{https://framework.zend.com/manual/1.12/en/introduction.overview.html}},
	note = {Zugriff am 14.03.2022},
	year = {?}
},
@Misc{CacheNet2022,
title = {{Cache in-memory in ASP.NET Core}},
howpublished   = {\url{https://docs.microsoft.com/en-us/aspnet/core/performance/caching/memory?view=aspnetcore-6.0}},
note = {Zugriff am 13.03.2022},
year = {2022}
}